@book {ACdS,
    AUTHOR = {Cannas da Silva, Ana},
     TITLE = {Introduction to symplectic and {H}amiltonian geometry},
    SERIES = {Publica\c c\~oes Matem\'aticas do IMPA. [IMPA Mathematical
              Publications]},
 PUBLISHER = {Instituto de Matem\'atica Pura e Aplicada (IMPA), Rio de
              Janeiro},
      YEAR = {2003},
     PAGES = {x+130},
      ISBN = {85-244-0195-8},
   MRCLASS = {53Dxx (37J05 37J35 70G45)},
  MRNUMBER = {MR2115646 (2005k:53141)},
MRREVIEWER = {Catalin Zara},
}

@book {QFST,
     TITLE = {Quantum fields and strings: a course for mathematicians.
              {V}ol. 1, 2},
    EDITOR = {Deligne, Pierre and Etingof, Pavel and Freed, Daniel S. and
              Jeffrey, Lisa C. and Kazhdan, David and Morgan, John W. and
              Morrison, David R. and Witten, Edward},
      NOTE = {Material from the Special Year on Quantum Field Theory held at
              the Institute for Advanced Study, Princeton, NJ, 1996--1997},
 PUBLISHER = {American Mathematical Society},
   ADDRESS = {Providence, RI},
      YEAR = {1999},
     PAGES = {Vol. 1: xxii+723 pp.; Vol. 2: pp. i--xxiv and 727--1501},
      ISBN = {0-8218-1198-3},
   MRCLASS = {81-06 (81T30 81Txx)},
  MRNUMBER = {MR1701618 (2000e:81010)},
}